@online{articulo_ia,
  author = {Ignacio Adrián Lerer},
  title = {La Arquitectura Constitucional de la Innovación con IA},
  year = {2025},
  url = {https://abogados.com.ar/index.php/la-arquitectura-constitucional-de-la-innovacion-con-ia-red-de-proteccion-para-el-desarrollo-tecnologico-responsable/37453#}
}

@book{libro_legislacion,
  title = {Legislación - Lecciones de Derecho},
  year = {2023}
}

@legal{constitucion,
  title = {Constitución de la Nación Argentina},
  year = {1853},
  organization = {Congreso de la Nación Argentina},
}

@legal{ccyc,
  title = {Código Civil y Comercial de la Nación},
  year = {2015},
  organization = {Congreso de la Nación Argentina},
}

@jurisdiction{FAL,
  title = {F., A. L. s/ medida autosatisfactiva},
  year = {2012},
  institution = {Corte Suprema de Justicia de la Nación},
}